<record><leader>00000cas a22000007a 4500</leader><controlfield tag="001">14072548</controlfield><controlfield tag="008">860811d19421944txuer ne     o0    0eng d</controlfield><datafield ind1=" " ind2=" " tag="010"><subfield code="a">sn 86088401 </subfield></datafield><datafield ind1=" " ind2=" " tag="040"><subfield code="a">PPM</subfield><subfield code="b">eng</subfield><subfield code="c">PPM</subfield><subfield code="d">NVF</subfield><subfield code="d">OCLCQ</subfield><subfield code="d">OCLCF</subfield><subfield code="d">OCLCO</subfield><subfield code="d">OCLCA</subfield></datafield><datafield ind1="1" ind2=" " tag="029"><subfield code="a">AU@</subfield><subfield code="b">000020434865</subfield></datafield><datafield ind1=" " ind2=" " tag="042"><subfield code="a">msc</subfield></datafield><datafield ind1=" " ind2=" " tag="043"><subfield code="a">n-us-tx</subfield></datafield><datafield ind1="0" ind2="4" tag="245"><subfield code="a">The Camp Bowie blade.</subfield></datafield><datafield ind1=" " ind2=" " tag="260"><subfield code="a">Camp Bowie [Brownwood] Tex. :</subfield><subfield code="b">[United States Army],</subfield><subfield code="c">1942-1944.</subfield></datafield><datafield ind1=" " ind2=" " tag="300"><subfield code="a">v.</subfield></datafield><datafield ind1=" " ind2=" " tag="310"><subfield code="a">Weekly,</subfield><subfield code="b">July 1943-Nov. 1944</subfield></datafield><datafield ind1=" " ind2=" " tag="321"><subfield code="a">Biweekly,</subfield><subfield code="b">July 1942-June 1943</subfield></datafield><datafield ind1="0" ind2=" " tag="362"><subfield code="a">Vol. 1, no. 1 (July 31, 1942)-v. 3, no. 17 (Nov. 17, 1944).</subfield></datafield><datafield ind1=" " ind2=" " tag="530"><subfield code="a">Also on microfilm: Austin, Texas: The University of Texas, Center for American History.</subfield></datafield><datafield ind1=" " ind2="0" tag="650"><subfield code="a">Military bases</subfield><subfield code="z">Texas</subfield><subfield code="v">Newspapers.</subfield></datafield><datafield ind1=" " ind2="0" tag="651"><subfield code="a">United States</subfield><subfield code="x">Armed Forces</subfield><subfield code="v">Newspapers.</subfield></datafield><datafield ind1=" " ind2="0" tag="651"><subfield code="a">Brownwood (Tex.)</subfield><subfield code="v">Newspapers.</subfield></datafield><datafield ind1=" " ind2="4" tag="651"><subfield code="a">Camp Bowie (Brownwood, Tex.)</subfield><subfield code="v">Newspapers.</subfield></datafield><datafield ind1=" " ind2="7" tag="655"><subfield code="a">Newspapers.</subfield><subfield code="2">fast</subfield><subfield code="0">(OCoLC)fst01423814</subfield></datafield><datafield ind1=" " ind2="7" tag="650"><subfield code="a">Armed Forces.</subfield><subfield code="2">fast</subfield><subfield code="0">(OCoLC)fst00814586</subfield></datafield><datafield ind1=" " ind2="7" tag="650"><subfield code="a">Military bases.</subfield><subfield code="2">fast</subfield><subfield code="0">(OCoLC)fst01020986</subfield></datafield><datafield ind1=" " ind2="7" tag="651"><subfield code="a">Texas.</subfield><subfield code="2">fast</subfield><subfield code="0">(OCoLC)fst01210336</subfield></datafield><datafield ind1=" " ind2="7" tag="651"><subfield code="a">Texas</subfield><subfield code="z">Brownwood.</subfield><subfield code="2">fast</subfield><subfield code="0">(OCoLC)fst01216304</subfield></datafield><datafield ind1=" " ind2="7" tag="651"><subfield code="a">United States.</subfield><subfield code="2">fast</subfield><subfield code="0">(OCoLC)fst01204155</subfield></datafield><datafield ind1="1" ind2=" " tag="710"><subfield code="a">United States.</subfield><subfield code="b">Army.</subfield></datafield><datafield ind1=" " ind2=" " tag="752"><subfield code="a">United States</subfield><subfield code="b">Texas</subfield><subfield code="c">Brown</subfield><subfield code="d">Brownwood.</subfield></datafield><datafield ind1="0" ind2="0" tag="785"><subfield code="t">Bowie blade (Camp Bowie, Brownwood, Tex.)</subfield><subfield code="w">(DLC)sn 86090591</subfield><subfield code="w">(OCoLC)15073582</subfield></datafield></record>